<?xml version="1.0" encoding="UTF-8"?><collection xmlns="http://www.loc.gov/MARC21/slim"><record><leader>00365nam--2200133-i-4500</leader><controlfield tag="001">000031909</controlfield><controlfield tag="002">20161230</controlfield><controlfield tag="005">20161230201038</controlfield><controlfield tag="008">060222s1000------------r-----000-0-eng-d</controlfield><datafield ind1=" " ind2=" " tag="080"><subfield code="a">801.323.1=590:805.90</subfield></datafield><datafield ind1=" " ind2=" " tag="245"><subfield code="a">Mic dictionar ortografic</subfield></datafield><datafield ind1=" " ind2=" " tag="260"><subfield code="a">Bucuresti, Ed.Acad.Rpr, 1953. 170/-173p</subfield></datafield><datafield ind1=" " ind2=" " tag="490"><subfield code="a">Acad.Rpr.,Inst.De Lingvistica Din Bucuresti</subfield></datafield><datafield ind1=" " ind2=" " tag="852"><subfield code="a">D.143</subfield></datafield></record></collection>